<?xml version="1.0" encoding="UTF-8"?><collection xmlns="http://www.loc.gov/MARC21/slim"><record><leader>00330nam--2200121-i-4500</leader><controlfield tag="001">000030250</controlfield><controlfield tag="002">20161230</controlfield><controlfield tag="005">20161230201038</controlfield><controlfield tag="008">060222s1000------------r-----000-0-eng-d</controlfield><datafield ind1=" " ind2=" " tag="100"><subfield code="a">Lunze, Klaus</subfield></datafield><datafield ind1=" " ind2=" " tag="245"><subfield code="a">Berechnung elektrischer strimkreise. leitfaden und aufgaben</subfield></datafield><datafield ind1=" " ind2=" " tag="260"><subfield code="a">Berlin, Veb Verlag Technik, 1959, 376p</subfield></datafield><datafield ind1=" " ind2=" " tag="852"><subfield code="a">6674</subfield></datafield></record></collection>